@book{bruegge2009object,
	Address = {Upper Saddle River, NJ, USA},
	Author = {Bruegge, Bernd and Dutoit, Allen H.},
	Date-Modified = {2019-07-31 23:31:32 +0200},
	Edition = {3rd},
	Isbn = {0136061257, 9780136061250},
	Publisher = {Prentice Hall Press},
	Title = {Object-Oriented Software Engineering Using UML, Patterns, and Java},
	Year = {2009}}